@article{kinect-cam-tech,
  author    = {Hamed Sarbolandi and
               Damien Lefloch and
               Andreas Kolb},
  title     = {Kinect Range Sensing: Structured-Light versus Time-of-Flight Kinect},
  journal   = {CoRR},
  volume    = {abs/1505.05459},
  year      = {2015},
  url       = {http://arxiv.org/abs/1505.05459},
  timestamp = {Mon, 01 Jun 2015 14:13:54 +0200},
  biburl    = {http://dblp.uni-trier.de/rec/bib/journals/corr/SarbolandiLK15},
  bibsource = {dblp computer science bibliography, http://dblp.org}
}

@unpublished{kinect-doc,
	author = {Microsoft Coporation},
	title  = "{Kinect Fusion MSDN Documentation}",
	url		 = {https://msdn.microsoft.com/en-us/library/dn188670.aspx}
}

@book{chi-book,
  title={Computer Vision and Machine Learning with RGB-D Sensors},
  author={Shao, Ling and Han, Jungong and Kohli, Pushmeet and Zhang, Zhengyou},
  year={2014},
  publisher={Springer}
}

@book{szeliski-book,
  title={Computer vision: algorithms and applications},
  author={Szeliski, Richard},
  year={2010},
  publisher={Springer Science \& Business Media}
}

@inproceedings{ms-3d-paper,
  title={KinectFusion: real-time 3D reconstruction and interaction using a moving depth camera},
  author={Izadi, Shahram and Kim, David and Hilliges, Otmar and Molyneaux, David and Newcombe, Richard and Kohli, Pushmeet and Shotton, Jamie and Hodges, Steve and Freeman, Dustin and Davison, Andrew and others},
  booktitle={Proceedings of the 24th annual ACM symposium on User interface software and technology},
  pages={559--568},
  year={2011},
  organization={ACM}
}

@article{scikit-learn-paper,
 author = {Pedregosa, Fabian and Varoquaux, Ga\"{e}l and Gramfort, Alexandre and Michel, Vincent and Thirion, Bertrand and Grisel, Olivier and Blondel, Mathieu and Prettenhofer, Peter and Weiss, Ron and Dubourg, Vincent and Vanderplas, Jake and Passos, Alexandre and Cournapeau, David and Brucher, Matthieu and Perrot, Matthieu and Duchesnay, \'{E}douard},
 title = "{Scikit-learn: Machine Learning in Python}",
 journal = {J. Mach. Learn. Res.},
 issue_date = {2/1/2011},
 volume = {12},
 month = nov,
 year = {2011},
 issn = {1532-4435},
 pages = {2825--2830},
 numpages = {6},
 url = {http://dl.acm.org/citation.cfm?id=1953048.2078195},
 acmid = {2078195},
 publisher = {JMLR.org},
} 

@inproceedings{nyu-dataset,
  author    = {Nathan Silberman, Derek Hoiem, Pushmeet Kohli and Rob Fergus},
  title     = "{Indoor Segmentation and Support Inference from RGBD Images}",
  booktitle = {ECCV},
  year      = {2012}
}
